<?xml version="1.0" encoding="UTF-8"?>
<record xmlns="http://www.loc.gov/MARC21/slim" xmlns:xsi="http://www.w3.org/2001/XMLSchema-instance" xsi:schemaLocation="http://www.loc.gov/MARC21/slim http://www.loc.gov/standards/marcxml/schema/MARC21slim.xsd">
<leader>00000cam a22      a 4500</leader>
<controlfield tag="001">001678262</controlfield>
<controlfield tag="003">NNU</controlfield>
<controlfield tag="005">20151014165352.0</controlfield>
<controlfield tag="008">911122s1947    le af         000 0 ara d</controlfield>
<datafield tag="035" ind1=" " ind2=" ">
<subfield code="a">(OCoLC)24839621</subfield>
</datafield>
<datafield tag="040" ind1=" " ind2=" ">
<subfield code="a">Recon MBB</subfield>
<subfield code="b">eng</subfield>
<subfield code="c">MBB</subfield>
<subfield code="d">OCLCG</subfield>
<subfield code="d">OCLCQ</subfield>
<subfield code="d">OCLCF</subfield>
<subfield code="d">OCLCQ</subfield>
<subfield code="d">OCLCO</subfield>
<subfield code="d">NNU</subfield>
</datafield>
<datafield tag="043" ind1=" " ind2=" ">
<subfield code="a">a-sy---</subfield>
</datafield>
<datafield tag="050" ind1=" " ind2="4">
<subfield code="a">DS234</subfield>
<subfield code="b">.H3 1947</subfield>
</datafield>
<datafield tag="100" ind1="1" ind2=" ">
<subfield code="6">880-01</subfield>
<subfield code="a">Ḥuṣrī, Abū Khaldūn Sāṭiʻ,</subfield>
<subfield code="d">1881-1968.</subfield>
</datafield>
<datafield tag="245" ind1="1" ind2="0">
<subfield code="6">880-02</subfield>
<subfield code="a">Yawm Maysalūn :</subfield>
<subfield code="b">ṣafḥah min tārīkh al-ʻArab al-ḥadīth, mudhakkirārt muṣawwarah bi-muqaddimah ʻan tanāzuʻ al-duwal ḥawla al-bilād al-ʻArabīyah wa-mudhayyalah bi-wathāʼiq wa-ṣuwar /</subfield>
<subfield code="c">Abū Khaldūn Sāṭiʻ al-Ḥuṣrī.</subfield>
</datafield>
<datafield tag="260" ind1=" " ind2=" ">
<subfield code="6">880-03</subfield>
<subfield code="a">Bayrūt :</subfield>
<subfield code="b">Maktabat al-Kishāf,</subfield>
<subfield code="c">[1947]</subfield>
</datafield>
<datafield tag="300" ind1=" " ind2=" ">
<subfield code="a">352 pages, [32] pages of plates :</subfield>
<subfield code="b">illustrations ;</subfield>
<subfield code="c">23 cm</subfield>
</datafield>
<datafield tag="336" ind1=" " ind2=" ">
<subfield code="a">text</subfield>
<subfield code="b">txt</subfield>
<subfield code="2">rdacontent</subfield>
</datafield>
<datafield tag="337" ind1=" " ind2=" ">
<subfield code="a">unmediated</subfield>
<subfield code="b">n</subfield>
<subfield code="2">rdamedia</subfield>
</datafield>
<datafield tag="338" ind1=" " ind2=" ">
<subfield code="a">volume</subfield>
<subfield code="b">nc</subfield>
<subfield code="2">rdacarrier</subfield>
</datafield>
<datafield tag="650" ind1=" " ind2="0">
<subfield code="a">Khān Maysalūn, Battle of, Khān Maysalūn, Syria, 1920.</subfield>
</datafield>
<datafield tag="611" ind1="2" ind2="7">
<subfield code="a">Khān Maysalūn, Battle of (Syria :</subfield>
<subfield code="d">1920)</subfield>
<subfield code="2">fast</subfield>
<subfield code="0">(OCoLC)fst00987254.</subfield>
</datafield>
<datafield tag="651" ind1=" " ind2="7">
<subfield code="a">Syria</subfield>
<subfield code="z">Khān Maysalūn.</subfield>
<subfield code="2">fast</subfield>
<subfield code="0">(OCoLC)fst01300599.</subfield>
</datafield>
<datafield tag="648" ind1=" " ind2="7">
<subfield code="a">1920</subfield>
<subfield code="2">fast.</subfield>
</datafield>
<datafield tag="880" ind1="1" ind2=" ">
<subfield code="6">100-01/</subfield>
<subfield code="a">حصري، ابو خلدون ساطع،</subfield>
<subfield code="d">1881-1968.</subfield>
</datafield>
<datafield tag="880" ind1="1" ind2="0">
<subfield code="6">245-02/</subfield>
<subfield code="a">يوم ميسلون :</subfield>
<subfield code="b">صفحة من تاريخ العرب الحديث، مذكرارت مصورة بمقدمة عن تنازع الدول حول البلاد العربية ومذيلة بوثائق وصور /</subfield>
<subfield code="c">ابو خلدون ساطع الحصري.</subfield>
</datafield>
<datafield tag="880" ind1=" " ind2=" ">
<subfield code="6">260-03/</subfield>
<subfield code="a">بيروت :</subfield>
<subfield code="b">مكتبة الكشاف،</subfield>
<subfield code="c">[1947]</subfield>
</datafield>
<datafield tag="OWN" ind1=" " ind2=" ">
<subfield code="a">GENERAL</subfield>
</datafield>
<datafield tag="AVA" ind1=" " ind2=" ">
<subfield code="a">NYU50</subfield>
<subfield code="b">BOBST</subfield>
<subfield code="c">Main Collection</subfield>
<subfield code="d">DS98 .H8</subfield>
<subfield code="e">unavailable</subfield>
<subfield code="t">Unavailable</subfield>
<subfield code="f">1</subfield>
<subfield code="g">1</subfield>
<subfield code="h">N</subfield>
<subfield code="i">0</subfield>
<subfield code="j">MAIN</subfield>
<subfield code="k">0</subfield>
</datafield>
</record>
